<record><leader>00000cas a2200000 a 4500</leader><controlfield tag="001">12399925</controlfield><controlfield tag="008">850819d19061918ksudr ne      0    0eng d</controlfield><datafield ind1=" " ind2=" " tag="010"><subfield code="a">sn 85031805 </subfield></datafield><datafield ind1=" " ind2=" " tag="040"><subfield code="a">KSH</subfield><subfield code="b">eng</subfield><subfield code="c">KSH</subfield><subfield code="d">NPT</subfield><subfield code="d">OCL</subfield><subfield code="d">OCLCQ</subfield></datafield><datafield ind1=" " ind2=" " tag="042"><subfield code="a">msc</subfield></datafield><datafield ind1="0" ind2=" " tag="130"><subfield code="a">Lyons daily news (Lyons, Kan. : 1906)</subfield></datafield><datafield ind1="1" ind2="0" tag="245"><subfield code="a">Lyons daily news.</subfield></datafield><datafield ind1=" " ind2=" " tag="260"><subfield code="a">Lyons, Kan. :</subfield><subfield code="b">E.H. Young,</subfield><subfield code="c">-1918.</subfield></datafield><datafield ind1=" " ind2=" " tag="300"><subfield code="a">v. :</subfield><subfield code="b">ill. ;</subfield><subfield code="c">26-49 cm.</subfield></datafield><datafield ind1=" " ind2=" " tag="310"><subfield code="a">Daily (except Sunday)</subfield></datafield><datafield ind1="0" ind2=" " tag="362"><subfield code="a">-v. 13, no. 37 (Apr. 6, 1918).</subfield></datafield><datafield ind1="1" ind2=" " tag="362"><subfield code="a">Began in 1906.</subfield><subfield code="z">Cf. Ayer, 1910.</subfield></datafield><datafield ind1=" " ind2=" " tag="500"><subfield code="a">Published by: Walter A. Johnson &amp; J.W.A. Cook, June 23-July 15, 1910; Lyons Printing Co., July 16, 1910-Feb. 16, 1918; Paul A. Jones, Feb. 18-Apr. 6, 1918.</subfield></datafield><datafield ind1=" " ind2=" " tag="515"><subfield code="a">Numbering is irregular.</subfield></datafield><datafield ind1=" " ind2=" " tag="580"><subfield code="a">Issued also in a weekly edition called: Central Kansas news-democrat, June 1, 1906-May 26, 1915.</subfield></datafield><datafield ind1=" " ind2=" " tag="588"><subfield code="a">Description based on: Vol. 3, no. 283 (Jan. 19, 1909).</subfield></datafield><datafield ind1=" " ind2=" " tag="752"><subfield code="a">United States</subfield><subfield code="b">Kansas</subfield><subfield code="c">Rice</subfield><subfield code="d">Lyons.</subfield></datafield><datafield ind1="1" ind2=" " tag="775"><subfield code="t">Central Kansas news-democrat</subfield><subfield code="w">(DLC)sn 85031790</subfield></datafield><datafield ind1="0" ind2="0" tag="785"><subfield code="t">Lyons news</subfield><subfield code="w">(DLC)sn 85031804</subfield></datafield><datafield ind1="1" ind2=" " tag="029"><subfield code="a">AU@</subfield><subfield code="b">000022173278</subfield></datafield></record>